2790 4794
132 423 134 428 .
177 342 264 442 ‘aa
568 415 574 432 ·
607 369 878 482 «aninmo.

7 547 9 636 l
210 535 337 642 uerbis
356 575 465 627 omne
473 555 547 626 Dei
566 545 762 653 confilium
778 553 830 626 ita
853 550 1127 654 annuntiasset,
1157 535 1309 629 uenisti

6 682 8 772 s
158 741 161 751 ¹
202 649 447 754 subuenerit,
486 667 606 730 Actor.
620 680 679 732 20.
700 655 789 748 ¹vers.
804 649 867 750 '17.
892 655 940 726 ad
966 677 1024 750 27.
1055 653 1219 754 Ephesiis
1245 657 1308 730 ad·

6 803 7 810 1
208 759 285 828 huc
303 779 497 852 precetur,
518 761 678 830 ut=Deus
695 749 778 857 ipsis
796 761 858 829 det
882 759 1065 852 Spiritum
1093 761 1309 854 Sapientiae

209 875 246 930 et
263 862 509 932 Revelationis
534 863 571 930 in
597 855 707 960 ipsius
733 861 824 945 (Dei
845 862 999 954 nempe)
1026 863 1236 958 agnitione,
1262 879 1310 934 ut>

5 979 9 1054 p
207 960 256 1032 iis
276 964 456 1060 largiatur
482 961 708 1034 illuminatos
733 959 854 1036 oculos
879 963 1038 1050 Mentis,
1073 985 1150 1058 quo
1176 961 1306 1052 sciant,

208 1063 301 1158 q'uid
319 1064 540 1157 sperandum
566 1059 607 1135 sit
622 1063 765 1137 vocatis
790 1086 810 1135 a
835 1047 918 1134 Deci
941 1079 1113 1158 atquem
1130 1044 1242 1136 'dicet
1264 1081 1306 1134 et

206 1165 370 1260 gloriose
403 1161 448 1234 sit
472 1165 696 1252 haereditas,
728 1189 841 1260 quam
865 1161 1009 1235 Sanctis
1042 1163 1303 1239 decreviteetc.

160 1274 163 1282 ‘
205 1265 338 1359 Eplres
353 1291 383 1342 1.
403 1265 491 1338 vers.
514 1275 570 1344 16.
593 1288 649 1359 17.
675 1263 943 1343 Colossensibus
961 1289 1051 1336 vero
1070 1282 1303 1362 apprecetur,

163 1424 166 1432 2
207 1383 249 1444 ut
269 1359 491 1462 impleant'ur
508 1370 717 1468 cognitione
731 1363 938 1440 voluntatis‘
949 1368 1022 1435 Dei
1040 1367 1077 1436 in
1104 1369 1203 1436 occini
1232 1369 1301 1438 Sa·

203 1468 346 1562 pientia
363 1486 399 1538 et
414 1471 609 1564 prudentio
621 1463 799 1570 spiritus,
825 1486 938 1564 atque
953 1461 1118 1568 crescant
1137 1471 1173 1537 in
1192 1473 1301 1570 ogni-

205 1569 305 1641 tione
322 1561 431 1670 ipsus
449 1575 543 1665 Dei,
572 1569 706 1647 coloss.
719 1597 751 1646 1.
768 1571 859 1646 vers.
869 1597 907 1664 9,
920 1593 979 1644 10.
1152 1563 1155 1572 ’

306 1775 407 1872 Quin
425 1777 521 1850 'haec
542 1771 770 1867 suit'causa,
803 1775 908 1874 quod
940 1765 1092 1876 Israeli,
1122 1781 1205 1878 nost
1229 1773 1302 1862 nisi

202 1899 271 1972 per
285 1877 432 1948 literam
450 1879 495 1950 de
510 1882 615 1963 Deo,'
630 1873 780 1978 ejusque
799 1883 841 1947 V
839 1879 1005 1950 oluntate
1020 1879 1159 1966 edocto,
1185 1883 1300 1950 Rom.

204 1999 228 2052 Ω
260 1977 352 2061 vers,
372 1999 427 2072 17.
453 2001 510 2068 18.
527 1976 564 2051 et
581 1976 793 2064 testimonio
811 1980 1119 2077 solo.Seripturie
1143 1981 1298 2069 nitenti,

204 2079 243 2146 in
261 2077 410 2150 lectione
429 2085 572 2154 Veteris
595 2075 817 2178 Testamenti
833 2083 996 2152 velamen
1023 2081 1125 2154 cordi
1151 2071 1301 2180 impefi.

119 2243 122 2252 .
202 2173 435 2280 tutnfiierit,
463 2186 627 2272 eCor.5
658 2185 748 2260 vers.
763 2185 891 2282 1415.
920 2183 1022 2280 quod
1040 2181 1213 2254 animalis
1239 2171 1303 2254 h'o·

202 2305 287 2370 tiro,
312 2309 398 2354 enm
415 2285 605 2382 intellige,
633 2286 696 2381 qui
720 2311 784 2384 pet
802 2285 921 2358 solam
937 2285 1105 2375 literam,
1126 2309 1207 2356 non
1231 2308 1306 2360 au-
1392 2311 1393 2377 1

135 2381 146 2486 ⁸¹
201 2399 281 2454 tem
297 2409 361 2480 per
380 2384 560 2480 Spiritum
577 2385 710 2460 doctus
726 2385 796 2476 eft,
817 2411 892 2460 non
915 2387 1098 2484 pereipiat
1112 2378 1303 2486 spirituo·

203 2485 278 2574 iia,
303 2488 474 2582 qnodque
491 2479 644 2587 ipfifint
653 2479 837 2584 finititio,
864 2513 980 2586 eoque
996 2509 1165 2586 nequeat,
1191 2511 1301 2562 nem-

202 2611 251 2686 pe
275 2590 343 2662 tali
365 2591 605 2686 cognitione,
637 2615 730 2686 quae
755 2592 801 2667 ab
821 2591 1091 2688 imaginatione
1109 2589 1301 2686 originem
1391 2631 1392 2660 l

201 2690 332 2780 habet,
364 2688 604 2792 cognoscere,
642 2719 660 2764 1
681 2693 766 2772 C'or.
784 2718 819 2768 2.
838 2696 929 2771 vers.
951 2703 1008 2793 14.
1035 2691 1137 2788 quod
1161 2715 1181 2762 e
1203 2715 1301 2763 con-

200 2795 319 2864 trario
348 2795 560 2889 Spiritualis
584 2793 716 2882 stoma,
749 2795 813 2890 qui
837 2795 975 2890 scilicet
1001 2795 1046 2864 de
1077 2800 1182 2881 Deo,
1217 2795 1300 2865 Dei

201 2889 284 2964 filio
311 2910 380 2971 etc.
407 2896 634 2991 spirituales,
664 2898 728 2968 vel
748 2921 843 2989 pure
866 2897 1138 2968 intellectuales
1161 2911 1299 2968 nactus
1390 2961 1391 2976 ,

199 2987 252 3062 cst
268 3013 544 3088 percepttoneS,
564 2999 690 3068 otttnia
711 2986 905 3090 dijudicet,
939 3014 973 3068 et
1000 2989 1125 3096 ipseo
1153 2997 1301 3068 nemine
1390 2985 1391 2998 ἵ

200 3089 395 3170 hominurn
411 3087 633 3173 anffiielium
649 3100 891 3202 dijucticetur,
915 3097 1008 3172 Ibid.
1027 3097 1117 3174 vers.
1131 3115 1191 3184 15.

299 3295 423 3372 Restat
453 3301 615 3398 denique
643 3303 717 3376 hoc
746 3301 793 3374 ie
817 3303 909 3374 Fide
932 3301 1154 3389 dicendum
1188 3301 1300 3396 quod

125 3429 128 3438 ⁴
198 3399 340 3474 halus
359 3407 398 3474 in
416 3425 477 3492 ea,
506 3429 600 3498 quae
619 3401 668 3476 est
685 3406 731 3476 ad
746 3411 940 3478 Romanus
955 3403 1099 3498 scripta,
1127 3403 1300 3497 Epistula

198 3523 277 3598 cap.
291 3527 348 3577 10.
364 3506 455 3579 vers.
470 3525 525 3598 17.
544 3505 729 3578 vocabulo
747 3507 908 3578 Auditus
924 3529 1004 3576 non
1022 3510 1158 3574 innuat
1171 3506 1301 3574 Audi-
1388 3503 1389 3532 ³

196 3618 280 3676 tum
306 3609 648 3696 aurisexternun13
679 3607 740 3680 tet
765 3611 935 3680 auditum
961 3606 1059 3678 auria
1082 3607 1299 3696 internum,

195 3707 260 3776 vel
276 3707 312 3770 ri
327 3707 559 3804 iutelligere3
585 3725 622 3779 et
637 3711 709 3780 hoc
723 3710 862 3796 cuivis,
889 3712 1057 3807 quicum
1072 3707 1299 3779 anteceden-

195 3805 267 3890 tia,
291 3823 370 3878 tum
396 3810 661 3906 consequentia
686 3812 778 3886 dicti
801 3812 931 3910 capitis
953 3825 1050 3886 recte
1075 3807 1298 3906 perceperit,
1387 3799 1388 3812 ¹

194 3907 530 3988 manifestumne

298 4133 463 4204 Nullum
495 4121 546 4197 esi
578 4122 761 4208 dubium,
803 4117 896 4213 quin
937 4121 1074 4196 Lector
1114 4113 1295 4187 Veritatis

193 4259 345 4318 amans,
371 4255 531 4329 quique,
557 4251 651 4322 quae
671 4235 741 4316 jam
759 4217 857 4293 dicta
876 4219 963 4290 sunt
980 4245 1026 4288 ex
1047 4217 1165 4288 Sacris
1191 4218 1299 4288 Lite·-

193 4333 274 4430 ric:
298 4351 436 4410 attente
460 4331 553 4432 legit
578 4343 615 4402 ct
641 4329 769 4400 omnia
797 4345 885 4398 cum
913 4321 1055 4414 judicio
1081 4317 1298 4434 perpenait,
1385 4387 1386 4396 ,

547 4457 553 4466 ·
1127 4441 1298 4494 omnino
