2790 4794
491 347 739 458 Prummu.
965 368 972 398 ⁴
1107 371 1166 450 ες,

84 533 174 610 ctust
188 530 360 624 fuerunt,
388 503 590 636 quod'non
605 535 720 610 fuerit
741 490 952 624 absolutus.
981 531 1163 634 quodque
1251 578 1259 592 ἡ

84 637 132 709 hic
147 639 219 710 illic
234 639 379 734 aliquid
403 638 645 716 desidereturt
671 651 758 710 num
775 647 914 712 Auctor
928 639 969 710 in
989 648 1163 711 Annotu·
1230 656 1242 720 ,·

83 742 249 829 ῐὶοηίὺιιε,Δ
277 761 374 836 quos
391 741 471 835 ipse
487 743 643 828 addidit,
672 739 817 836 saepius
829 759 962 810 monet
975 738 1027 827 id,
1040 811 1043 824 ,
1055 738 1161 836 quod

81 853 205 930 tractat,
236 843 442 914 accuratius
463 839 815 933 demonstrandum,
840 841 1026 915 velletius
1043 839 1162 936 expli·

82 945 243 1032 undum,
277 941 352 1014 sive
373 944 415 1014 in
436 942 499 1016 sua
526 945 785 1040 Philosophia,
814 932 888 1016 fi've
910 942 1011 1014 alibi.
1035 947 1040 954 '
1064 943 1160 1041 Quin

82 1065 156 1114 vcro
172 1053 242 1116 Res
260 1042 596 1138 praestantissimas,
622 1069 692 1118 nec
715 1069 795 1117 non
814 1039 1160 1126 utilislimesconti·
1233 1115 1241 1142 J

80 1163 151 1232 net,
175 1149 211 1216 in
240 1147 412 1218 Veritatis
444 1145 604 1219 studioso
634 1143 796 1218 lludium
818 1146 1036 1217 excitabunt
1061 1146 1161 1216 sum⁴

80 1269 186 1336 tuum,
210 1273 279 1317 nec
295 1271 426 1342 parurn
446 1249 678 1340 adjuvibunt
697 1248 738 1318 in
757 1274 797 1320 ea
814 1247 1054 1356 indagando,¹
1070 1247 1162 1320 ideo

80 1369 150 1418 eum
165 1345 272 1419 simul
291 1374 375 1419 oum
398 1350 480 1420 aliis
497 1345 604 1422 edere
619 1353 740 1424 visum
757 1349 844 1437 fuit,
871 1351 928 1418 uti
943 1353 1016 1439 jam
1032 1347 1072 1418 in
1085 1348 1160 1448 Ad·⁴

78 1451 292 1536 monitione,
331 1451 638 1530 huic-Tractatui
668 1449 848 1548 praefixa,
895 1451 1040 1522 dictum
1071 1448 1157 1524 fuir.

78 1551 208 1622 Tractat
224 1554 265 1623 in
285 1577 328 1622 eo
343 1556 464 1646 primo
479 1555 524 1626 de
540 1541 650 1649 Bono
668 1553 886 1650 apparente,
913 1551 1015 1645 quod
1033 1552 1159 1626 homi·
1203 1559 1208 1570 ’
1328 1603 1333 1614 -

77 1657 364 1747 nesplerurnque
388 1673 588 1750 oppetunt,
622 1659 758 1750 nempe
787 1654 830 1724 ue
847 1653 1023 1740 Divitiis,
1056 1654 1163 1726 Libi·r

79 1749 149 1822 dine
164 1772 198 1825 et
213 1762 394 1847 Honore3
422 1775 458 1826 et
480 1757 525 1827 de
549 1763 646 1830 Vero
670 1755 771 1828 b‘ono
788 1773 824 1826 et
841 1757 1035 1850 quomodo
1056 1755 1096 1824 id
1111 1750 1159 1826 fit

77 1857 344 1948 acquirendum.
387 1857 614 1930 Praescribit
625 1853 794 1958 secundo
811 1855 986 1956 quasdem
1002 1855 1158 1930 vivendi

77 1957 240 2051 Regulos,
263 1957 456 2056 ,indeque
496 1960 543 2032 ud
585 1961 801 2052 Intellectus
841 1956 1158 2034 Enrendntionem

77 2061 200 2130 transit.
262 2065 314 2128 Ut
342 2080 466 2130 antem
495 2061 585 2133 hoec
611 2062 833 2135 Emendatio
854 2059 990 2130 melius
1023 2053 1157 2154 prooe-
1269 2054 1271 2065 ¹

78 2152 142 2244 dat,
166 2179 328 2255 quatuor
352 2162 513 2234 diversos
538 2163 768 2259 percipiendi
790 2162 927 2232 modos
948 2177 1156 2250 enumerat,

77 2278 152 2350 quor
179 2264 358 2356 deinceps
379 2265 578 2358 prolixius
609 2265 725 2361 paulo
750 2263 987 2344 enuclearet
1015 2287 1061 2334 cx
1090 2263 1154 2350 iis,
1220 2348 1223 2359 Ι

77 2361 280 2456 luioptime
297 2365 410 2459 scopo
433 2365 658 2456 inserviunt,
692 2367 806 2464 eligit.
859 2371 996 2451 Porro,
1024 2379 1067 2434 ut
1085 2365 1159 2434 ho·

75 2479 140 2530 mm
152 2465 257 2539 usum
275 2467 523 2554 nosceremus,
549 2469 624 2564 agit
641 2469 685 2540 de
695 2471 914 2554 Intellectus
928 2460 1157 2537 instrumen·
1255 2479 1257 2482 ’

77 2561 130 2650 tis,
152 2567 326 2637 videlicet
342 2567 387 2637 de
406 2569 503 2638 veris
520 2568 613 2640 ideis
638 2588 674 2642 et
697 2571 825 2641 eadem
850 2591 962 2661 opera
985 2567 1030 2636 de
1054 2583 1155 2640 recta

77 2661 342 2745 adducendum
373 2669 614 2740 Intellectum
640 2673 711 2748 Via
732 2687 768 2741 rt
791 2665 976 2744 Methodo
1005 2664 1156 2761 ejusque

76 2767 234 2850 Partibus.
276 2771 412 2840 ‘Prima
437 2779 520 2865 pars
543 2770 676 2859 tradit,
702 2757 896 2870 quomodo
918 2790 1028 2842 verre
1048 2769 1163 2840 ideae

76 2863 110 2928 ab
123 2871 197 2940 eltis
215 2871 474 2942 discernantur
493 2889 529 2968 et
543 2873 802 2968 prospiciatur,
829 2897 877 2944 no
896 2865 1019 2960 falsae,
1047 2869 1155 2942 fictae
1216 2869 1217 2875 '

75 2965 229 3044 etduoiue
245 2973 350 3042 ideae
368 2999 454 3044 cum
469 2973 568 3048 veris
585 2974 885 3056 confundantur:
912 2991 948 3043 et
966 2975 1034 3045 hac
1049 2997 1155 3046 occa-

74 3059 158 3138 fione
176 3075 324 3166 prolixe
350 3076 534 3158 deveris,
565 3073 686 3165 salsis,
724 3075 820 3150 fictis
847 3093 883 3148 et
908 3075 1035 3146 dubiis
1056 3075 1155 3148 idcio
1232 3083 1234 3088 ’

74 3171 152 3260 egit,
184 3175 323 3270 quibus
348 3177 510 3270 denique
535 3177 678 3274 aliquid
702 3177 747 3250 de
771 3177 960 3253 Memoria
985 3200 1028 3248 ao
1048 3177 1154 3248 Obli·
1222 3197 1247 3246 .’

72 3273 169 3342 tuone
193 3278 370 3372 porrectit.
426 3279 592 3349 Secunde
618 3303 703 3375 pars
723 3282 888 3377 Regulus
906 3279 990 3364 dat,
1014 3276 1153 3374 quibus
1236 3343 1241 3351 ,
1307 3311 1314 3326 ·

72 3385 107 3435 tx
123 3377 217 3448 notis
234 3379 410 3474 ignotum
428 3397 524 3450 recto
541 3379 719 3452 educatur
740 3381 1058 3476 intelligaturque.
1102 3383 1155 3450 Ut
1236 3405 1241 3410 ’

73 3485 176 3574 tutem
192 3481 265 3550 hoc
278 3482 348 3551 rite
364 3479 446 3567 lint,
472 3483 752 3578 Perceptionem
768 3483 916 3554 duobus
928 3483 1053 3550 modis
1071 3477 1154 3559 sieri

72 3561 194 3662 statuit,
230 3583 293 3652 vel
323 3573 395 3678 per'
416 3581 533 3652 solani
567 3579 788 3673 Ellentiam,
825 3583 887 3657 vel
915 3605 982 3676 per
1004 3581 1154 3654 causam

73 3679 277 3758 proximam.
303 3681 493 3779 Quoniam
503 3697 592 3757 'vero
603 3701 805 3780 utrumque
817 3707 899 3755 non
916 3679 1047 3753 nisiex
1065 3705 1155 3755 vero

70 3769 125 3842 Rei
138 3779 358 3855 definitione
371 3785 528 3872 elicitur,
545 3791 662 3882 Leges
673 3786 1155 3862 delinitionisRerumtuut
1233 3786 1235 3796 ’

72 3889 269 3972 creatarum,
295 3901 375 3956 tum
393 3885 643 3956 increutnrum
657 3891 848 3984 proponit.
899 3891 1092 3960 Praeterea
1110 3897 1154 3973 ut

71 3971 170 4075 nostri
187 3990 400 4080 Conceptus
422 4005 733 4078 concatenentur,
762 3990 903 4078 media,
931 3990 1068 4084 quibus
1093 4013 1154 4060 res

71 4081 294 4160 particulares
311 4107 479 4160 aeternae
494 4091 786 4186 cognoscentur,
812 4089 1038 4187 praescribit.
1088 4094 1157 4176 Et,

70 4193 103 4240 ut
116 4179 200 4257 haec
222 4211 353 4262 omma
378 4190 516 4262 melius
536 4191 797 4286 perficiantur,
827 4193 916 4292 agit·
930 4189 1152 4264 deVirilrus

421 4319 426 4328 ·
904 4347 907 4352 .
942 4305 947 4312 '
980 4357 984 4366 ,
1042 4297 1151 4362 littel-
