2790 4794
1180 397 1181 404 .
1196 369 1221 418 V

229 565 486 666 Cognitionem'
513 560 670 646 ursionis,
699 580 812 653 quem
836 579 936 627 mens
952 571 1132 626 cumrato
1149 581 1214 626 na·

118 717 203 771 turo
213 694 333 780 tuber,
350 687 418 761 sibi
434 690 621 761 adrerum
639 687 782 790 ¹bonurn
794 681 1214 780 intelligendumneces·
1235 727 1256 776 ρ

118 826 250 900 sariam
267 817 343 893 else
355 817 600 914 perspexerat.
641 813 793 885 Vtinam
810 835 900 882 vero
918 809 963 880 ab
979 809 1057 904 ipsa
1073 811 1212 884 mentia

113 955 229 1026 huius
250 945 470 1043 cognitione
487 940 691 1017 obtinenda
707 940 899 1046 scientiam
913 935 1103 1049 incepisset
1125 937 1209 1010 Phi-

112 1079 314 1178 losophus,
360 1071 583 1146 sacamendo
610 1067 762 1166 quidem
789 1094 849 1156 ea,
881 1091 984 1163 -quae
1013 1067 1056 1138 in
1079 1083 1206 1142 mente

111 1211 176 1282 sua
203 1201 476 1282 variationibus
500 1199 667 1274 obnoxia
692 1195 1004 1294 deprehenderet,
1039 1195 1084 1266 ab
1107 1195 1204 1270 ideis

108 1333 322 1411 necessariis
340 1347 383 1403 et
407 1326 609 1436 uniuersis,
634 1351 728 1424 quae
744 1327 893 1398 homini
907 1325 1203 1404 verumbonum

108 1465 150 1536 in
183 1457 398 1558 veffiganfi,
425 1459 499 1560 hoc
522 1453 591 1560 ‘ista
616 1455 815 1551 practicam
840 1455 1024 1527 rationem
1045 1451 1202 1562 ejusque
1258 1502 1261 1512 ,

109 1590 315 1666 dictamina
333 1586 509 1664 ¹absoluta
534 1587 705 1658 secuturo
730 1584 920 1684 vitaeque,
941 1605 1021 1652 non
1039 1583 1203 1694 prodam

106 1722 197 1792 tiam
213 1719 321 1788 iilam
337 1717 446 1786 vanis
471 1739 512 1786 ac
534 1713 647 1784 fluxis
672 1707 964 1784 circumstantiis
977 1711 1196 1783 accomoda·

105 1866 202 1935 tam,
229 1841 293 1918 sed
316 1841 600 1916 sanctimoniam
622 1843 893 1927 incolatuum,
926 1855 969 1910 ut
993 1835 1195 1935 Apostolus

105 1978 159 2050 ait
171 1977 210 2071 (r
229 1971 315 2053 Joh.
335 1995 377 2059 Ω,
407 1975 598 2068 17.),n0n
615 1969 836 2040 mutandam
853 1942 1105 2066 lubentissime
1119 1993 1194 2038 am·

104 2101 492 2202 plexuro,i1nmotum
510 2102 615 2170 velut
638 2095 736 2170 fidus
752 2101 978 2193 praelucent.
1033 2097 1104 2170 Sed
1120 2097 1193 2170 alia

105 2249 184 2305 erat
209 2231 293 2304 ieri
316 2227 422 2300 illius
447 2227 660 2300 methodus.
715 2234 904 2321 sempera
929 2201 1192 2320 metaphysicis

106 2355 380 2456 praestruendis
396 2353 550 2426 initium
576 2353 673 2435 fieri,
708 2355 853 2449 semper
881 2384 921 2426 ro
951 2352 1033 2426 Esse
1063 2379 1192 2426 rerum

103 2497 187 2552 ante
220 2481 291 2554 alia
321 2457 450 2556 omnia
474 2485 654 2578 explicari
684 2485 840 2562 debere,
882 2485 1089 2554 inveterata
1113 2499 1191 2555 erat

104 2609 354 2694 consuetudo,
388 2612 430 2682 in
451 2611 654 2706 Spinozam
685 2612 835 2708 quo'que
860 2637 879 2682 a
904 2607 1062 2682 Cartasio
1089 2607 1191 2706 quasi

102 2736 295 2812 uanasusa.
349 2730 467 2814 Ducit'
480 2740 618 2834 mentis
634 2737 779 2812 noliraa
792 2741 963 2836 cognitio
980 2735 1189 2812 necessariis

101 2868 489 2962 argumentationibus
514 2869 560 2942 ad
585 2875 723 2944 Deum.
777 2869 847 2939 Sed
865 2868 911 2939 ab
938 2867 1002 2938 illa
1022 2867 1189 2940 adhunc

102 2991 297 3068 ascendere
322 2997 387 3094 qui
410 2999 538 3072 valent
559 3000 756 3076 mortales,
790 3021 1002 3091 nonaeque
1027 2995 1188 3071 feliciter

102 3121 146 3196 ab
163 3121 319 3198 infinito
343 3125 575 3202 descendunt
589 3127 636 3198 ad
659 3126 822 3198 finitum.
875 3126 1187 3221 Initiumnempe

100 3247 245 3326 nuent
262 3254 307 3325 ab
332 3279 404 3345 eo,
431 3255 553 3352 quod,
584 3255 763 3351 quoniam
791 3249 948 3331 anostra
965 3255 1185 3351 cognitione

100 3381 282 3453 remotius
306 3375 377 3470 est,
417 3383 582 3457 humana
612 3381 853 3481 imaginatio,
898 3380 1047 3456 facilius
1071 3409 1186 3478 quam
1239 3385 1252 3442 f

102 3509 254 3602 quidem
278 3510 405 3598 ratio,'
437 3507 574 3607 assequi
600 3505 669 3584 fibi
696 3511 857 3583 videtur.
925 3519 1007 3607 Quo
1033 3509 1186 3584 saetosi

104 3659 202 3728 error
225 3635 403 3710 admissus
420 3633 476 3711 est
492 3640 533 3713 in
555 3619 805 3736 metaphpiica
821 3641 866 3710 rie
884 3637 1040 3712 Infinita
1058 3655 1188 3712 tracta·-

102 3761 223 3853 ¹ione,
248 3765 282 3836 is
313 3781 351 3836 et
379 3765 566 3888 detegitur
591 3765 830 3856 difficillime,
864 3773 962 3840 etin
988 3791 1118 3842 omnes
1136 3785 1186 3840 ta·

101 3915 182 3965 rnen
210 3891 360 3988 reliqui
378 3889 583 3984 systematis
610 3897 787 3970 articulos
814 3897 848 3968 se
864 3895 1026 3969 insinuat
1044 3898 1185 3969 subtili·

98 4033 160 4096 ter.
211 4021 618 4119 Vndeantiquioribus
635 4025 983 4122 philosophantium
1006 4028 1184 4121 periculis

99 4149 278 4244 candores
299 4149 412 4239 sacti,
437 4126 481 4224 rit
504 4155 658 4226 moralia
685 4155 855 4228 doctrina
877 4155 1003 4228 omnis
1027 4182 1046 4227 a
1073 4173 1185 4228 meta·

96 4278 253 4392 Physicis
278 4277 525 4382 dogmatibus
541 4281 807 4390 {independens
831 4309 880 4372 err
910 4310 973 4384 eo,
1015 4285 1119 4384 quod
1143 4286 1186 4358 in

1083 4437 1187 4488 men·
