2790 4794
187 383 228 429 tv

188 563 262 636 sive
293 563 489 634 abhorreat
517 556 805 672 stt-etaltstinea't
840 563 987 657 saltem,
1028 583 1109 637 non
1132 553 1273 662 poterit

187 673 311 764 tamen
344 715 424 760 non
455 701 644 785 peramara
670 692 860 780 animum,
902 695 968 786 qui
1002 718 1152 781 „amore
1182 720 1270 793 erge

185 847 261 891 rem
281 837 521 924 aeternamtet
537 819 724 890 infinitam
744 818 821 890 solo
839 821 936 914 pasci
952 820 988 893 se
1004 818 1129 917 posse“
1148 821 1269 914 sensit,

185 951 326 1044 quique
361 943 517 1053 „assidua
545 947 788 1020 meditatione
812 973 857 1018 eo
880 950 1068 1042 pervenit,
1101 966 1145 1022 ut
1166 952 1269 1024 vide·-

183 1095 258 1165 ret,
301 1075 360 1147 se“
385 1075 596 1181 omittendo
631 1101 767 1172 opum,
806 1076 978 1148 libidinis
1003 1078 1267 1174 honorumque

182 1204 427 1300 cupiditatem
457 1226 537 1271 non
569 1200 638 1273 nist
669 1206 765 1305 mala
798 1219 895 1276 certa
928 1199 1145 1276 omissurum
1175 1203 1266 1296 esset

180 1336 222 1406 in
244 1331 321 1426 ipsa
339 1354 430 1404 vero
450 1326 736 1428 investigatione
753 1335 833 1404 v'eri
857 1333 969 1422 boni,
997 1333 1108 1405 etiam
1125 1329 1265 1406 siillud

108 1485 116 1504 ·
178 1457 335 1534 fortassis
370 1457 705 1547 assecuturusfnon
734 1455 795 1552 sit,
834 1461 981 1533 bonum
1011 1466 1179 1534 certum“
1213 1478 1263 1534 ta·

177 1615 265 1664 men
289 1569 453 1661 obtineri
476 1589 681 1683 praescivit.
735 1595 819 1661 Hoc
835 1589 987 1661 demum
1003 1587 1175 1661 incensus
1191 1585 1262 1660 stu·

87 1801 90 1811 V
177 1719 241 1790 dio
269 1701 535 1818 „cognitionem
561 1719 717 1802 terrionis,
740 1731 856 1812 'quum
880 1744 980 1790 meus
997 1711 1081 1789 curn
1103 1729 1184 1789 toto
1199 1744 1262 1788 na·

175 1864 261 1917 tura
285 1845 417 1918 stubet“
443 1845 610 1932 serioet‚
640 1823 822 1940 quintum
849 1843 929 1916 fieri
945 1819 1260 1939 poteratscontiss

173 1993 250 2046 nne
277 1962 586 2044 meditationibus
609 1973 684 2044 suis
708 1967 891 2066 praefixit.
959 1973 1147 2045 Divinum
1171 1971 1259 2046 sene

175 2099 392 2180 confilium,
419 2103 530 2197 ¹quod
555 2104 628 2174 oevi
651 2103 733 2173 boni
754 2095 837 2172 non'
857 2103 986 2196 potuit¹
1009 2123 1090 2173 non
1112 2101 1256 2196 partici-

171 2257 259 2328 pem
283 2231 437 2302 reddere
463 2232 674 2326 quaerentis
699 2231 888 2315 animum,
916 2230 1159 2323 quantumvis
1190 2227 1255 2302 sue

170 2363 246 2432 ueri
268 2354 565 2456 *investigatione
595 2365 721 2454 (prout
758 2385 801 2430 ea
839 2357 1051 2429 communis
1088 2351 1139 2429 est
1169 2355 1249 2429 sors

169 2487 391 2560 mortalium
404 2487 429 2582 l)
456 2487 606 2584 scopum
627 2485 857 2582 propositum
871 2510 952 2586 ¹uon
978 2483 1121 2582 semper
1136 2509 1252 2580 aequa

139 2685 140 2690 ,
168 2615 331 2690 feliciter
358 2614 513 2714 attigisse
540 2615 720 2688 videatur.
1335 2601 1339 2610 ¹

270 2876 376 2950 Licet
404 2876 586 2948 nimitum
612 2875 653 2944 in
672 2857 889 2946 ,Benedicto
920 2871 996 2944 duo
1023 2867 1251 2968 potissimum

165 2999 257 3092 sint,
284 3029 378 3102 quae
397 3003 571 3076 demirari
589 3017 698 3096 atque
715 3027 838 3074 amere
859 3025 1055 3097 nunquam
1075 2981 1251 3093 desinant,

164 3133 290 3230 primo
306 3133 484 3206 videlicet
501 3135 667 3231 ingenua
686 3131 753 3203 illa
777 3132 914 3222 animi,
942 3155 1014 3229 qua
1030 3154 1164 3204 verum
1184 3127 1248 3205 bo⁴

164 3287 261 3336 num
277 3262 433 3336 sectatus
453 3255 514 3340 est,
541 3257 685 3332 castitas
706 3263 963 3356 cuiuscunque
978 3241 1249 3354 superstitionis

162 3389 239 3464 sive
255 3391 315 3488 spe
331 3390 407 3466 srve
423 3411 526 3462 ructu
543 3415 610 3499 per
625 3391 814 3462 internam
828 3389 909 3462 vim
917 3379 1101 3484 superior,
1112 3386 1249 3460 deiude

161 3517 386 3610 systematis,
434 3521 536 3616 quod
560 3519 807 3618 excogitavit,
848 3517 1064 3614 simplicitas
1089 3513 1249 3588 mirifica

158 3627 358 3745 nexusque
373 3651 414 3720 in
432 3649 634 3746 cogitando
657 3667 736 3720 toto
754 3646 987 3735 indivulsus,
1013 3627 1246 3724 dictamen,

159 3759 345 3872 quantum
366 3803 436 3876 ego
468 3781 620 3874 quidem
653 3775 838 3873 assequor,
872 3769 1031 3849 obfuisse
1054 3771 1244 3865 videntur.

159 3931 235 4000 quo
253 3909 381 3978 minus
398 3908 461 3978 hic
478 3899 679 3997 systematis
693 3909 733 3978 in
752 3907 786 3977 se
809 3875 1092 4004 praeclarissime
1116 3903 1245 3974 cohae-

156 4027 435 4108 rentisd'artisex
458 4039 498 4106 in
524 4034 783 4107 fundamentis
807 4033 993 4130 ponendis
1016 4031 1063 4104 eb
1080 4031 1244 4104 humana

165 4165 201 4234 *d
227 4165 390 4238 errorem
419 4165 655 4260 proclivitate
690 4163 755 4236 fibi
782 4162 867 4236 satis
892 4159 1039 4237 caverit.

1111 4421 1243 4520 Cogni-
