2790 4794
221 297 272 372 to
304 273 324 366 ff
640 247 892 368 'Panaciam
929 359 932 366 ,

263 467 265 474 '
322 469 533 572 Qui-modo
557 465 655 542 dicta
680 487 717 542 et
734 467 891 546 anostro
914 463 1148 566 Philosopho‘
1163 467 1202 568 in
1216 471 1297 544 Tre·

219 593 337 650 ctatu
358 585 565 648 memorato
603 567 870 657 demonstrata,
908 571 1036 644 Deum
1065 571 1235 644 nimirum
1256 573 1295 648 iu

215 680 406 782 Scriptupa
430 676 548 752 solam
564 673 846 760 obedientiam,
871 690 939 744 etc.
965 673 1108 772 exigere
1130 674 1300 771 etl’hilo·

102 769 106 782 ’
216 777 389 875 sophiam
403 801 491 854 cum
506 775 711 870 Theologia
725 768 825 844 nihil
839 773 973 844 habere
989 797 1195 860 commune,
1218 777 1301 852 cum

100 876 116 942 ἶ
216 901 378 976 utreque
393 879 548 973 proprio
566 877 707 949 nitatur
723 876 819 958 talo,
844 900 914 970 pro
942 875 1069 945 noxiis
1085 865 1122 947 et
1134 872 1301 946 seditiosis

214 981 467 1077 opinionibus
489 978 723 1062 habuerunt,
751 973 881 1071 easque
907 975 1053 1048 summo
1068 972 1187 1048 studio
1200 973 1300 1048 falsu

214 1082 286 1159 csse
293 1075 540 1161 demonstrate
558 1079 683 1150 conati
698 1075 795 1162 sunt,
822 1074 999 1148 allenium
1013 1077 1061 1148 iis
1072 1076 1303 1173 praebebunt,

61 1255 68 1282 ,
128 1193 131 1201 '
195 1244 198 1252 ,
215 1183 373 1284 quaeda
383 1177 585 1254 Christiana
605 1180 814 1276 Religione,
837 1191 1023 1276 quantum
1039 1175 1118 1276 ejus
1131 1179 1301 1276 spectatu:

216 1285 411 1385 cognitio,
437 1278 679 1366 ostendimus,
706 1367 711 1382 ι

229 1475 235 1486 ¹
277 1447 280 1452 .
318 1392 421 1460 Haec
437 1399 513 1454 tam
534 1381 581 1456 ad
598 1382 786 1472 Ethicam,
813 1403 925 1476 quam
943 1379 989 1451 ad
1005 1379 1224 1454 sententiam
1239 1386 1305 1454 An·

179 1503 182 1514 '
214 1480 454 1564 ctorisnostri
466 1481 755 1569 defendendam,
775 1477 983 1554 visumfuit
999 1483 1192 1570 adducere,
1217 1472 1304 1578 quae'

214 1595 361 1688 praefer
384 1577 605 1682 opinionem
638 1585 821 1678 prolixius
851 1600 1003 1656 tractata
1024 1581 1134 1670 sunt3
1167 1585 1322 1680 reliqua.

213 1691 330 1790 igitur
361 1687 539 1766 brevibus
582 1682 844 1775 absolventur,
891 1707 940 1756 ne
964 1688 1117 1758 Lectori
1148 1685 1306 1759 taedium

212 1801 371 1870 creetur.
1143 1821 1145 1828 >

153 1885 164 1904 ⁶
214 1972 220 1984 ‚
324 1884 547 1990 Tractatum
569 1889 763 1966 Politicum
780 1891 920 1963 Auctor
940 1884 1062 1970 noster
1086 1890 1205 1986 paulo
1229 1908 1311 1962 anta

213 1995 366 2070 obitum
389 1991 611 2088 composuit.
663 1998 759 2065 Sunt
782 1993 823 2064 iu
846 2017 890 2062 eo
916 2006 952 2061 et
969 2001 1164 2064 accuratae
1180 1991 1313 2090 cogita·

213 2099 340 2172 tiones
368 2112 405 2166 et
426 2092 543 2185 stylus
569 2094 700 2168 clarus.
753 2098 865 2166 Suam
896 2092 1141 2180 sententiam,
1178 2092 1312 2165 relictis

64 2282 71 2297 ⁶
97 2272 102 2286 ,
210 2197 423 2274 multonem
455 2194 699 2288 Politicorum
716 2195 1006 2289 opinionibus„
1035 2191 1253 2268 solidissime
1274 2193 1316 2264 in

131 2311 133 2323 '
154 2294 171 2304 ”
207 2325 259 2375 voo
278 2299 460 2397 proponit
472 2315 509 2367 et
524 2296 785 2392 consequentia
803 2321 850 2374 ex
866 2293 1174 2369 antecedentibus
1193 2291 1315 2393 passim

208 2405 325 2476 elicit
359 2387 467 2498 K‘Agit
481 2399 524 2470 in
548 2399 714 2497 quinque
738 2397 927 2496 prioribus
944 2397 1134 2491 capitibus
1161 2397 1319 2470 daPoli·
1387 2409 1388 2436 l

209 2509 288 2575 tica
308 2503 349 2574 in
373 2525 524 2599 genere,
553 2499 596 2570 in
620 2500 721 2571 sexto
756 2517 793 2570 et
820 2499 975 2594 septimo
1003 2499 1047 2568 de
1070 2499 1317 2586 Monarchia,

209 2607 254 2680 in
278 2623 436 2689 octavo,
459 2627 564 2674 nono
582 2620 617 2672 et
640 2600 784 2675 decimo
808 2601 854 2672 de
870 2591 1141 2696 Aristocratin,
1168 2603 1323 2676 undeci·
1387 2599 1388 2602 ’

211 2731 322 2807 mum
337 2705 497 2799 denique
506 2703 659 2775 initium
676 2700 725 2774 est
742 2703 890 2799 imperii
907 2705 1184 2776 Democratici.
1214 2709 1321 2778 Mora

211 2829 339 2882 autem
364 2803 619 2899 intempestiva
642 2805 716 2876 fuit
738 2807 779 2876 in
803 2794 928 2892 causa,
962 2805 1065 2898 quod
1092 2808 1205 2880 hunc
1231 2813 1322 2878 Tra·

212 2926 354 2994 etatum
371 2931 452 2978 non
477 2905 675 2978 absolverit
697 2923 734 2976 et
756 2907 858 3000 quod
882 2929 950 2976 nec
971 2905 1017 2974 de
1034 2907 1230 3006 Legibus,
1255 2927 1325 2978 net

211 3010 259 3080 de
275 3009 386 3082 variis
403 2997 695 3109 Quaestionibus,
714 3030 807 3102 quae
821 3007 1019 3078 Politicam
1038 3007 1230 3101 spectant,
1251 3029 1326 3079 tra·

212 3113 385 3198 cnvenit,
413 3110 470 3180 uti
493 3109 618 3182 videre
635 3105 684 3178 est
707 3133 753 3180 ex
767 3103 930 3202 Epistola
950 3113 1135 3184 Auctoris
1153 3113 1207 3185 ad
1223 3110 1327 3188 Ami-

133 3252 136 3268 ·
211 3239 317 3300 cum,
347 3213 537 3285 Tractatui
552 3210 713 3284 Politice
729 3207 911 3304 praefixa·

313 3319 509 3386 Tractatus
526 3309 571 3382 de
588 3311 852 3382 Einendctione
869 3311 1068 3382 Intellectus
1085 3311 1215 3386 estex
1226 3309 1332 3408 prio·

203 3418 315 3492 ¹cibun
336 3411 453 3488 nostri
474 3413 694 3508 Philosophi
714 3413 907 3514 operibus,
933 3409 1087 3485 testibus
1115 3433 1158 3486 et
1174 3412 1277 3506 stylo
1295 3429 1331 3482 et

210 3517 465 3613 conceptibus.
516 3515 605 3604 Rei,
640 3539 752 3610 quam
774 3515 816 3586 in
839 3539 883 3585 eo
914 3531 1065 3602 tractat,
1094 3515 1282 3614 dignitas
1299 3529 1335 3585 et

203 3645 365 3720 magna,
391 3641 513 3714 quam
531 3617 572 3688 in
598 3641 640 3688 eo
657 3615 729 3702 'sabi
757 3613 909 3711 scopum
932 3611 1133 3711 praefixit,
1166 3615 1333 3702 utilitas,

208 3747 343 3818 nempe
366 3719 580 3794 intellectui
610 3719 711 3790 viam
743 3711 901 3788 sternere
926 3717 1184 3808 facillimam,
1221 3735 1340 3814 atqua

207 3819 456 3924 plauifbmam
484 3819 531 3894 ad
563 3843 689 3892 veram
716 3843 842 3889 rerum
875 3817 1173 3916 cognitionem,
1212 3823 1340 3894 calcar

82 3961 85 3966 ·
199 3926 275 4028 ipsi
296 3927 436 4019 semper
453 3945 541 3992 eum
557 3919 602 3992 ad
618 3919 844 3995 umbilicum
868 3919 1107 4016 perducendi
1127 3919 1261 3996 suere.
1294 3929 1345 3994 At

117 4097 122 4108 ,
200 4028 332 4126 operia
356 4022 524 4122 pondus,
552 4019 835 4118 profundaeque
859 4021 1137 4094 meditationes
1170 4044 1212 4096 et
1237 4017 1343 4098 vasta

203 4135 334 4208 cetum
349 4126 536 4230 ¹Scicntia,
560 4149 654 4220 quaa
676 4123 723 4194 ad
748 4123 826 4212 ejus
848 4119 1131 4218 perfectionem
1163 4125 1350 4222 require.

205 4233 367 4320 bantur,
400 4231 506 4308 leuto
535 4226 655 4328 gradu
692 4245 781 4299 eum
798 4239 1112 4320 promoverunt,
1159 4246 1215 4304 ut
1239 4243 1282 4298 et
1306 4223 1351 4398 in

1018 4341 1025 4352 ”
1230 4347 1350 4406 caua
