2790 4794
492 254 748 380 ‚rainelini
899 390 901 398 J
996 367 998 372 ,
1086 315 1171 385 ,μ

99 513 104 522 ·
176 473 231 548 lla
247 474 322 569 jam
343 469 455 548 «lictis
474 475 711 573 obrepant,
738 499 810 576 qna
835 474 1171 574 denansalposlc·

96 567 146 644 lua
165 575 408 667 atilionem.⁴
420 578 511 652 vers.
530 605 564 650 1.
592 577 835 653 Christiaoasn
860 581 1096 676 Religionem
1114 579 1172 650 di·

95 673 222 748 tat-elle
237 678 494 770 Rationalem:
517 681 606 777 quia
628 682 811 776 nimirum
826 683 939 754 Ratio
963 704 1045 752 earu
1068 703 1173 776 prae·

97 769 222 870 scribit,
263 803 378 876 eaque
404 780 548 854 tatione
576 778 770 856 fundatur.
821 781 997 856 Erasmus
1024 779 1067 852 in
1096 781 1190 874 suia'

95 873 239 950 adhunc
260 881 390 954 locum
403 883 725 962 Annotationibus
748 900 874 974 notat,
904 883 1097 980 originem
1116 906 1171 971 ea,

95 997 238 1070 quorum
262 982 359 1056 ratio
376 979 495 1078 potest
513 981 638 1074 reddi,
661 983 801 1058 vocasse
817 985 1056 1070 Rationalem
1072 983 1174 1056 Reli·
1292 1033 1295 1041 ,

93 1077 229 1172 gionem
253 1099 291 1154 et
306 1083 430 1172 addit,
460 1085 786 1181 Tbeophylactum
810 1085 1011 1174 affirmare,
1036 1105 1173 1158 omnes
1219 1148 1223 1158 .

91 1175 217 1254 nostras
234 1185 399 1258 actiones
415 1182 700 1276 iuxtaRationir
708 1184 1175 1284 praescriptumperficien·

92 1277 147 1356 tica
163 1281 252 1372 elle,
270 1285 332 1359 cui
346 1288 458 1358 etiam
475 1287 649 1364 Erasmus
665 1287 869 1364 subscribit.

174 1488 534 1589 Regenerationem,
556 1487 632 1564 fine
648 1517 721 1587 qna
735 1514 848 1564 nemo
863 1489 906 1564 in
921 1507 1082 1587 regnum
1096 1487 1174 1562 'Dei
1265 1556 1267 1566 .

88 1582 215 1663 intrare
235 1585 377 1687 potest,
410 1590 556 1664 includi
576 1592 621 1666 in'
635 1593 711 1666 Dei
732 1601 891 1682 Amore,
915 1591 982 1688 qui
1003 1593 1174 1676 (demon

90 1681 208 1763 litante
240 1691 284 1764 id
303 1689 427 1788 ipsum
456 1689 583 1765 nostro
598 1693 854 1790 ‚Philosophol
882 1709 940 1780 ert
955 1692 1174 1787 cognitione

89 1788 153 1862 Dei
168 1792 416 1869 intellectuali
439 1795 582 1882 oritur,
608 1793 804 1868 manifesto
827 1793 955 1868 videre
976 1793 1026 1864 est
1046 1815 1092 1866 ex
1110 1795 1174 1880 iia,
1196 1869 1199 1874 ,

91 1911 171 1982 qnae
184 1889 391 1991 Apostolus
407 1897 651 1976 lohannee'in
671 1925 688 1972 1
709 1893 881 1991 Epistola
894 1890 1123 2004 σεμίμνρῑί.
1137 1913 1173 1986 7.

92 1997 141 2066 ιθ.
158 2015 215 2090 17.
236 2015 298 2084 18.
323 1998 548 2091 comparatis
579 2022 665 2078 oum
690 1997 780 2086 vers.
800 2021 859 2072 ao.
877 2019 938 2072 21.
964 1995 1016 2092 'de
1036 2005 1176 2068 Amore

89 2089 234 2168 testatur.
291 2101 477 2194 l'reoterea
502 2102 834 2198 Regenetationern
855 2093 1046 2171 consistere
1059 2097 1105 2168 in
1119 2096 1176 2170 vi·

89 2195 212 2287 ctorita,
240 2221 357 2294 quam
373 2199 415 2270 in
431 2201 552 2272 malos
573 2197 727 2274 affectus
746 2201 965 2274 obtinemus
987 2215 1023 2268 et
1047 2198 1088 2268 in
1107 2213 1176 2270 ter·

88 2317 245 2370 renerum
283 2318 321 2370 et
354 2323 539 2374 vanarum
576 2302 834 2398 Cupiditatum
870 2285 1191 2384 mortificatione,'

88 2419 169 2490 quaa
183 2401 409 2484 naturaliter
423 2402 466 2476 in
482 2401 593 2488 nohis
607 2401 877 2486 inveniuntur3
892 2411 939 2474 'et
957 2395 1177 2471 econtrario
1324 2444 1330 2453 ’

88 2493 122 2566 in
148 2497 337 2574 bonarum
375 2499 449 2576 five
472 2505 608 2579 talium
641 2505 897 2602 Cupiditatum
922 2500 1176 2596 ecquisnam,

89 2621 169 2692 quae
184 2603 224 2676 id
257 2597 551 2692 tantummodo,
589 2605 692 2702 quod
716 2609 854 2678 Verum
875 2619 913 2674 et
938 2603 1094 2674 Bonum,
1114 2596 1177 2692 est,

88 2697 259 2794 spectant,
309 2721 353 2776 nt
373 2723 410 2778 et
431 2707 474 2778 in
496 2703 737 2800 acquisitione
752 2703 826 2777 Dei
849 2703 1018 2790 Amoris,
1057 2700 1178 2796 Pacis,'

86 2803 137 2874 vet
147 2829 257 2898 verae
284 2807 405 2878 animi
423 2805 740 2902 Anquiesoentiae,
766 2805 962 2895 Laetitiae,
990 2803 1177 2894 Veritatis,

87 2899 235 2981 iustitiae
258 2911 374 3004 (quae
398 2903 568 2980 constans
584 2923 804 3004 aeternoque
826 2907 934 2980 snum
952 2909 1087 3003 cuique
1110 2905 1178 2977 tri·

66 2999 216 3080 *bnenrli
232 3005 284 3082 est
301 3009 495 3095 voluntas)
514 3027 552 3082 et
567 3009 814 3110 Benignitatis
836 3027 903 3081 etc.
922 3031 1037 3104 quae,
1060 3023 1179 3103 prout

87 3103 332 3206 Philosophus
357 3105 480 3182 noster
509 3110 669 3201 evincit,
703 3111 790 3182 suot
819 3107 1007 3182 necessarii
1030 3108 1177 3180 fruetus

85 3201 306 3284 intellectus.
357 3215 465 3302 Hoc,
496 3211 672 3308 inquam,
707 3205 944 3286 manifestum
971 3205 1019 3282 eli
1046 3210 1177 3304 exiis,
1241 3209 1244 3220 '
1321 3247 1329 3258 ·

87 3327 171 3402 quae
184 3308 392 3410 Apostolus
414 3313 457 3386 in
481 3310 647 3410 Epistola
670 3313 716 3386 ad
738 3313 871 3410 Ephes.
885 3331 920 3410 4.
939 3307 1101 3385 versuu-
1118 3329 1179 3400 93.

87 3425 118 3480 et
138 3421 196 3512 24
212 3431 252 3485 et
271 3414 320 3486 ari
344 3409 476 3491 colet.
493 3433 527 3504 3.
550 3413 679 3510 vers.9
694 3439 751 3490 to.
776 3413 822 3486 de
844 3417 974 3485 Vetere
1005 3429 1041 3484 et
1062 3415 1178 3486 Novo
1229 3489 1231 3494 ,
1263 3481 1266 3484 .
1334 3463 1342 3498 .

85 3507 247 3587 Homine
270 3513 366 3588 etin
383 3537 425 3588 ea
441 3513 617 3590 atnam.
639 3535 764 3612 cano.
782 3512 911 3587 avers.¹
923 3530 958 3602 5.
978 3511 1026 3582 ad
1044 3530 1181 3599 15.nec

85 3631 156 3682 non
171 3617 221 3687 ad
244 3617 331 3688 Gal.
350 3613 564 3704 5.verl'.16.
581 3617 629 3690 ad
652 3616 769 3692 linem
792 3613 931 3715 usque,
952 3613 1000 3686 de
1019 3609 1179 3712 imperio

85 3712 238 3807 spiritua
252 3717 299 3792 in
314 3741 466 3792 carnem
481 3717 585 3792 dicit.
629 3759 633 3766 ·
693 3813 696 3818 ,
904 3723 918 3740 ²
1154 3733 1157 3742 ’

172 3919 295 4020 Quod
303 3921 508 3996 Veritatem
522 3917 590 4008 rei,
619 3917 835 3996 adsalutem
850 3912 1182 4015 ratuneoeuann,

86 4021 314 4108 pruritibus
334 4023 465 4096 conari
484 4023 715 4122 intelligere,
741 4017 926 4118 purasque
947 4021 1186 4095 intellectua-
1225 4109 1230 4114 .

85 4115 135 4190 les
161 4119 334 4198 nantisci
350 4126 618 4228 perceptiones
657 4145 700 4196 ac
728 4121 936 4204 secnnrlurn¹
963 4145 1025 4197 eat
1062 4143 1183 4220 agere,

83 4213 222 4314 bore&
237 4221 349 4316 iuxta
365 4227 521 4302 canonia
535 4225 871 4326 dictamenrirere.
886 4245 1009 4326 neque
1022 4227 1183 4336 mmanu-
1262 4221 1265 4236 '
