2790 4794
181 370 240 431 llil

173 553 394 642 nonnullis,
412 531 627 648 intellectus
643 539 768 624 autem
783 549 929 635 viribus
944 551 1128 646 nimium,
1152 576 1260 654 puto,

101 733 105 744 ι
173 683 385 755 detraheret
394 681 417 772 l)
444 681 490 754 ad
503 677 783 754 Pantheiamu'm
800 680 911 776 adigi.
940 687 1024 754 Hoc
1039 687 1167 787 potius
1183 705 1268 765 tum

88 845 91 852 ·
174 799 329 884 demum
361 779 444 882 heri
459 809 633 896 videtur,
667 805 723 919 ii,·
742 806 807 904 qui
832 806 1029 880 intellectu
1056 813 1267 892 theoretioe

87 949 90 956 '
170 957 332 1012 utuntur
347 987 369 1027 ,ι
408 938 534 1035 legem
583 936 798 1008 intellectus
840 935 912 1008 iau·
946 936 1154 1034 cogitandi*
1184 941 1263 1018 for·

157 1070 307 1140 'malem
324 1091 390 1162 pro
407 1067 491 1164 lege
508 1063 617 1136 unica
638 1064 796 1142 habent,
824 1064 937 1138 etiam
953 1061 1185 1142 existentiam
1200 1097 1261 1146 oo·

16 1207 21 1240 ·
169 1193 352 1296 gita'tione
374 1193 576 1265 indicatam
593 1188 848 1293 constitutore.
901 1197 981 1264 Hac
997 1217 1145 1291 quoque
1161 1199 1202 1270 in
1217 1227 1260 1276 re

164 1347 249 1408 non
260 1319 539 1417 Philosophiam
550 1317 666 1416 igitur
682 1319 906 1418 culpandam
915 1320 1046 1409 videri,
1063 1322 1122 1394 sed
1134 1327 1259 1402 Philo·

153 1451 330 1548 'iophoa‚
362 1448 473 1520 liceat
494 1445 607 1536 mihi,
635 1449 879 1543 qu'antumvie
897 1453 1000 1522 mehe
1021 1451 1060 1520 in
1084 1453 1256 1546 philoso-

159 1579 319 1674 phando
349 1577 541 1650 tenuitatis
567 1576 661 1647 hene
686 1575 781 1646 mihi
806 1577 973 1654 conscio,
1000 1577 1117 1652 libere
1138 1583 1253 1677 profi-

81 1723 89 1772 t
165 1691 274 1782 teris
303 1713 433 1800 Neque
461 1704 564 1775 enim
582 1727 665 1790 eoa,
693 1704 758 1800 qui
780 1701 848 1775 libi
873 1705 1019 1793 minua,
1045 1731 1156 1800 quom
1182 1707 1254 1804 ipfi

159 1833 421 1930 philosophiae
454 1831 566 1906 amioi
593 1831 695 1910 lunt,
744 1832 818 1904 hoo
843 1832 1124 1931 indignabere
1148 1835 1250 1933 polla

154 1963 370 2070 praevideo.

585 2059 823 2084 ..q—nnn·-

258 2177 317 2250 Ad
348 2172 538 2252 historiam
561 2175 779 2254 litterariam
802 2173 1022 2270 scriptorum
1047 2175 1243 2273 Spinonem
1351 2217 1360 2224 -

155 2329 249 2403 quae
272 2299 353 2388 hoo
368 2319 473 2377 tome
494 2302 739 2392 exhibentur,
772 2304 894 2380 multo
912 2305 1104 2397 pauciora,
1130 2331 1243 2404 quarn

153 2434 306 2540 quidem
331 2429 378 2520 ‚ad
393 2434 557 2530 priorem
573 2447 736 2528 partem,
762 2430 928 2505 notanda
952 2430 1163 2512 oooairru'nt.

250 2686 413 2769 Nounifi
452 2689 566 2762 iemel
598 2689 695 2772 edita
725 2686 882 2768 fuerunt
912 2687 981 2766 suh
1010 2688 1122 2762 titulo
1160 2690 1237 2774 iarn

150 2821 275 2900 allato.
329 2820 468 2892 Eadem
490 2815 611 2889 forma
637 2810 739 2887 extat
761 2817 886 2912 imago
911 2816 1129 2912 Philosophi
1160 2821 1236 2891 aeri

145 2945 280 3026 ineisa,
317 2969 410 3042 quae
435 2942 596 3040 proinde
619 2967 699 3016 non
715 2965 799 3014 raro
822 2944 1102 3040 exemplaribus
1119 2946 1235 3020 huiua

146 3072 328 3156 editionis
358 3069 521 3169 praefixa
553 3070 744 3167 reperitur.
812 3075 925 3166 Saepe
967 3089 1092 3152 tamen
1134 3071 1235 3160 abest

142 3204 266 3290 etiam,
292 3224 413 3296 neque
429 3202 474 3274 ad
490 3201 595 3281 illam
614 3199 800 3294 pertinere
815 3197 856 3270 in
875 3196 1105 3295 praefamine
1122 3200 1231 3302 ligni·

139 3331 283 3414 licetur.
336 3314 499 3424 ¹Duplici
536 3327 676 3406 circulo
706 3326 846 3403 inclusa
877 3327 920 3400 in
950 3331 1123 3424 quadrata
1154 3331 1231 3416 hali

136 3459 252 3542 habet
279 3481 444 3556 nomena·
478 3459 789 3536 BENEDICTVS
815 3460 883 3530 DE
910 3461 1116 3542 ΙΒΡΙΝΟΖΛ
1142 3484 1232 3544 oum

138 3583 309 3670 distichis
331 3585 478 3674 trihus,
521 3610 591 3664 uec
606 3589 719 3668 toea
740 3584 866 3682 dignis
886 3609 958 3663 neo
982 3584 1231 3690 Philosophoa

295 3788 360 3854 Cui
383 3785 526 3860 Natura.
550 3789 659 3860 Deua,
681 3807 792 3851 rerum
808 3791 863 3852 eui
877 3791 1027 3874 cognitur
1042 3787 1126 3853 ordo

339 3890 414 3952 lloe
429 3889 563 3972 Spioola
583 3892 665 3953 statu
678 3891 926 3976 ooulpieiendue
940 3905 1017 3956 erat.

297 3991 486 4076 Expreilere
501 3993 570 4055 Viri
583 3993 722 4068 faeiem,
748 3991 802 4066 [ed
820 3995 958 4078 pingere
972 4007 1120 4062 mentem

342 4095 495 4158 Zeuxidia
511 4095 649 4160 artifice·
663 4113 731 4169 non
747 4096 879 4158 valuere
894 4115 1020 4160 manua.

294 4195 356 4266 llla
373 4200 462 4282 viget
479 4197 619 4288 scriptia:
646 4198 713 4264 illic
729 4192 878 4260 sublimia
893 4209 1019 4268 tractat.

339 4299 441 4372 Hunc
456 4303 646 4388 quicunque
667 4303 761 4386 cupio
777 4297 907 4364 nasone
923 4299 1039 4387 leripta
1055 4303 1139 4388 lege.
1177 4395 1224 4462 In
