2790 4794
189 339 348 412 v1”

185 525 319 614 ‘menie
333 539 495 610 bumana
512 535 606 612 inest
628 539 859 631 absolutum,
886 527 1277 629 deducatur,'rectiua

192 685 460 766 praeceperunt
476 692 517 740 ac
533 668 693 742 seiicius.
717 668 765 742 cs.
781 673 950 772 Rehberg
966 663 1194 750 Veriiiitnise
1212 680 1279 760 der

193 774 431 892 Metapbpfik
460 821 528 871 zur
561 797 748 892 Religion.
791 801 935 891 (Berlin
971 825 1083 898 1787.
1119 809 1183 902 3.).
1245 813 1280 884 A

192 945 319 1000 mente
335 925 412 1040 ipsa
428 923 683 1018 philosophati
699 927 965 1004 inchoantibus
982 931 1142 1022 licerii,
1171 935 1278 1032 quod
1323 1003 1332 1014 ,

193 1053 285 1130 inest
307 1055 349 1136 in
364 1053 496 1131 nobis,
523 1053 584 1123 vel
609 1037 736 1146 potius
758 1057 860 1150 quod
879 1057 1004 1132 sumus
1020 1084 1092 1132 nos
1117 1059 1202 1156 ipfi,
1228 1079 1279 1134 at-

194 1184 364 1258 tentione
392 1181 504 1276 figere
528 1197 681 1275 etquee
712 1183 947 1281 propinque,
989 1204 1031 1258 ut
1061 1187 1112 1258 ita
1143 1183 1277 1268 dicam.

194 1309 418 1385 intrinsecus
435 1307 585 1380 intueri.
640 1313 671 1380 A
689 1329 789 1385 certo
807 1311 940 1386 deinde
958 1316 1280 1412 progrediendum

195 1443 293 1512 ultra
317 1431 366 1511 est
386 1435 736 1510 ratiocinationibus
761 1442 879 1548 cautis
901 1438 1147 1518 fundamenta
1166 1443 1280 1518 'iirora

196 1566 403 1640 substruere
426 1564 536 1636 annis
559 1617 568 1636 .
623 1572 765 1640 Certius
782 1569 883 1640 enim
900 1569 1012 1642 nobis
1028 1571 1281 1666 cogitantibus

194 1697 294 1769 nihil
312 1694 471 1768 omnino
489 1690 557 1766 esse
573 1690 704 1788 potest,¹
731 1719 844 1790 quam
859 1696 980 1792 ipsum
997 1695 1094 1770 illud
1110 1687 1281 1772 nostrum

195 1813 288 1898 Esse.
340 1829 474 1919 Neque
498 1823 735 1914 certitudinis
758 1824 828 1929 alia
854 1823 1010 1922 cogitari
1032 1823 1153 1922 potest
1178 1851 1282 1900 men·

197 1949 281 2024 sure
313 1950 447 2029 nobis,
487 1951 735 2040 hominibus,
777 1929 1000 2042 tractabilis,
1023 1979 1153 2050 onam
1179 1955 1283 2043 haec,

200 2090 330 2151 utrutn
373 2078 517 2174 aliquid
548 2079 590 2151 in
629 2074 755 2150 nofiro
785 2075 865 2150 Esse
896 2077 1009 2170 infit,
1057 2105 1129 2191 npc
1161 2082 1282 2172 aliter,

195 2207 266 2282 nisi
289 2223 425 2303 negato
449 2208 541 2288 boc,
581 2207 713 2306 negari
736 2202 860 2302 possit,
887 2208 937 2277 ita
962 2195 1116 2301 quidem
1135 2229 1177 2281 ut
1192 2235 1281 2287 vere

198 2336 273 2408 dici
290 2353 503 2408 mereantur
519 2360 579 2424 ea,
605 2359 699 2432 quae
722 2357 808 2408 cum
830 2333 1025 2408 necessario
1048 2328 1133 2410 uffe'
1153 2333 1282 2410 nostro

198 2461 294 2538 stent
324 2463 556 2560 cadantque,
598 2489 690 2536 vero
716 2481 839 2535 autem
865 2459 996 2536 similia
1027 2451 1173 2564 tap'tum
1197 2464 1281 2556 sint,

197 2617 293 2692 quae
310 2616 389 2663 non
413 2591 480 2664 nifi
498 2592 752 2666 accidentibus
769 2593 809 2664 in
824 2592 898 2664 hoc
916 2589 1041 2664 nosiro
1061 2589 1140 2664 Esse
1156 2591 1282 2664 nitun·
1393 2615 1394 2640 ¹

85 2816 90 2828 1
196 2739 259 2792 tur
288 2723 422 2816 bisque
450 2723 616 2817 aequalia
649 2721 747 2797 sunt.
808 2720 999 2794 Contraria
1025 2722 1290 2802 veteratione
1358 2771 1370 2792 -.

188 2847 226 2922 si
252 2850 296 2919 ab
321 2848 478 2921 Infinito
501 2851 572 2922 iter
596 2843 796 2924 instituunt
819 2847 1130 2944 philosophandi,
1164 2871 1284 2941 amy·
1392 2904 1393 2919 ,

196 2972 307 3054 fierio
345 2983 549 3050 maximam
589 2995 687 3050 certe
719 2993 861 3070 partem
892 2975 1209 3072 imperscrutabili
1245 2975 1283 3050 se

196 3105 372 3202 progredi
395 3130 474 3178 non
501 3103 649 3202 possunt
682 3100 850 3193 diffiteri,
884 3123 996 3200 prout
1021 3104 1098 3200 ipse
1121 3103 1285 3200 Spinoze
1391 3159 1392 3191 r

151 3273 155 3286 ,
195 3239 321 3306 Deum
361 3234 542 3328 intelligit
572 3217 810 3304 substantiam
850 3228 1079 3306 constantem
1118 3229 1283 3306 infinitio

130 3443 132 3448 ,
196 3359 776 3452 attributis(Eth.Destn.V11.),
801 3360 1009 3464 exquibus
1033 3359 1284 3448 ductantem,

69 3557 72 3570 ,
195 3491 299 3587 quod
317 3514 453 3590 nempe
470 3491 636 3587 cogitans
655 3484 696 3558 stt
718 3503 828 3582 atque
853 3486 1048 3560 extensum
1063 3488 1163 3580 (Eth.
1180 3493 1218 3562 P.
1236 3493 1285 3564 11.

194 3620 342 3714 propos.
379 3645 409 3690 1.
439 3621 509 3712 n),
549 3618 700 3716 cognita
723 3615 859 3688 habere
883 3613 951 3690 fibi
976 3615 1076 3688 visus
1101 3612 1162 3688 est.
1218 3621 1284 3721 Ap·
1389 3609 1390 3654 ³

196 3771 270 3844 que
293 3749 384 3820 haec
404 3746 480 3842 ipse
512 3745 589 3820 ‹iuo
613 3743 807 3832 attributa,
840 3767 906 3840 per
926 3767 1019 3840 quae
1043 3761 1120 3814 tant
1144 3745 1285 3818 claram

196 3873 245 3946 de
268 3881 351 3946 Deo
374 3899 485 3970 quem
513 3873 559 3946 de
582 3876 771 3971 triangulo
797 3851 832 3945 sb
857 3873 993 3946 babere
1008 3873 1131 3954 ideam
1148 3869 1289 3968 profes·

197 4001 258 4076 sus
274 3999 325 4076 est
349 3999 473 4098 (Epist.
498 4007 576 4078 LX.
602 4027 637 4098 p.
663 4003 751 4096 659.
772 4006 817 4072 T.
835 4004 882 4095 1.)
900 3999 1001 4072 unde
1027 3999 1183 4074 dentum
1199 4023 1291 4076 vere·
1387 4049 1388 4060 .

195 4133 349 4228 cognita
373 4132 510 4206 habere
540 4127 699 4226 potuit?
739 4134 852 4202 Suam
874 4125 987 4224 ipsus
1021 4147 1189 4205 mentem
1217 4124 1289 4200 nisi

193 4277 279 4334 onte
309 4261 438 4364 omnia
470 4254 744 4348 confidereiset,
787 4268 912 4354 neque
945 4249 1136 4357 cogitindi
1164 4278 1289 4350 neque

1229 4408 1290 4458 ex·
